@book{Yukie1,
title={整数論1: 初等整数論からp進数へ},
author={雪江明彦},
publisher={日本評論社},
year={2013},
month={8},
date={2},
}

@book{Yukie2,
title={整数論2: 代数的整数論の基礎},
author={雪江明彦},
publisher={日本評論社},
year={2013},
month={10},
date={15},
}

@book{Yukie3,
title={整数論3: 解析的整数論への誘い},
author={雪江明彦},
publisher={日本評論社},
year={2014},
month={3},
date={18},
}

@book{Neu,
title={代数的整数論},
author={ノイキルヒ},
translator={梅垣, 敦紀},
publisher={丸善出版},
year={2012},
month={7},
date={17},
}